<record><leader>00000cas a22000007a 4500</leader><controlfield tag="001">30090612</controlfield><controlfield tag="008">940405d19781980okuwr ne      0    0eng d</controlfield><controlfield tag="009">15907</controlfield><datafield ind1=" " ind2=" " tag="010"><subfield code="a">sn 94058781 </subfield></datafield><datafield ind1=" " ind2=" " tag="040"><subfield code="a">OBN</subfield><subfield code="b">eng</subfield><subfield code="c">OBN</subfield><subfield code="d">OCL</subfield><subfield code="d">OCLCQ</subfield></datafield><datafield ind1="1" ind2=" " tag="029"><subfield code="a">AU@</subfield><subfield code="b">000010972766</subfield></datafield><datafield ind1=" " ind2=" " tag="042"><subfield code="a">msc</subfield></datafield><datafield ind1="0" ind2=" " tag="130"><subfield code="a">Tahlequah pictorial press and star-citizen (Tahlequah, Okla. : 1978)</subfield></datafield><datafield ind1="0" ind2="0" tag="245"><subfield code="a">Tahlequah pictorial press and star-citizen.</subfield></datafield><datafield ind1="3" ind2="0" tag="246"><subfield code="a">Tahlequah pictorial press and star citizen</subfield></datafield><datafield ind1=" " ind2=" " tag="260"><subfield code="a">Tahlequah, Okla. :</subfield><subfield code="b">Risenhoover Print. Co.</subfield></datafield><datafield ind1=" " ind2=" " tag="300"><subfield code="a">v.</subfield></datafield><datafield ind1=" " ind2=" " tag="310"><subfield code="a">Semiweekly</subfield></datafield><datafield ind1="0" ind2=" " tag="362"><subfield code="a">Vol. 15, no. 7 (Feb. 13, 1978)-v. 17, no. 39 (May 15, 1980).</subfield></datafield><datafield ind1=" " ind2=" " tag="500"><subfield code="a">"The pictorial press and the star-citizen were combined Feb. 13, 1978."</subfield></datafield><datafield ind1=" " ind2="4" tag="651"><subfield code="a">Tahlequah (Okla.)</subfield><subfield code="v">Newspapers.</subfield></datafield><datafield ind1=" " ind2="4" tag="651"><subfield code="a">Cherokee County (Okla.)</subfield><subfield code="v">Newspapers.</subfield></datafield><datafield ind1=" " ind2=" " tag="752"><subfield code="a">United States</subfield><subfield code="b">Oklahoma</subfield><subfield code="c">Cherokee</subfield><subfield code="d">Tahlequah.</subfield></datafield><datafield ind1="0" ind2="4" tag="780"><subfield code="t">Pictorial press (Tahlequah, Okla. : 1964)</subfield><subfield code="w">(DLC)sn 94058780</subfield><subfield code="w">(OCoLC)30090331</subfield></datafield><datafield ind1="0" ind2="4" tag="780"><subfield code="t">Star-citizen (Tahlequah, Okla. : 1970)</subfield><subfield code="w">(DLC)sn 94058779</subfield><subfield code="w">(OCoLC)30089989</subfield></datafield><datafield ind1="0" ind2="0" tag="785"><subfield code="t">Tahlequah daily pictorial press (Tahlequah, Okla. : 1980)</subfield><subfield code="w">(DLC)sn 94058782</subfield><subfield code="w">(OCoLC)30090912</subfield></datafield></record>